@misc{utf2025,
  title        = {Unified Transmutation Framework (UTFv2)},
  author       = {Waikham, Boonsup},
  year         = {2025},
  month        = {October},
  note         = {Published: 2025-10-06},
  doi          = {10.5072/zenodo.344960},
  howpublished = {\url{https://zenodo.org/record/344960}},
  version      = {v1.0.0}
}

