@article{Pathania2024Quantum,
  title        = {Quantum Thermodynamics of Open Quantum Systems: Strong-Coupling and Non-Equilibrium Behavior},
  author       = {Pathania, Neha and Tiwari, Devvrat and Banerjee, Subhashish},
  journal      = {arXiv preprint},
  year         = {2024},
  eprint       = {2407.21584},
  archivePrefix = {arXiv},
  primaryClass = {quant-ph}
}

@article{Xu2019Extreme,
  title        = {Extreme Decoherence and Quantum Chaos},
  author       = {Xu, Zhenyu and García-Pintos, Luis Pedro and Chenu, Aurélia and del Campo, Adolfo},
  journal      = {Physical Review Letters},
  year         = {2019},
  volume       = {122},
  number       = {014103},
  doi          = {10.1103/PhysRevLett.122.014103}
}

@article{MatsoukasRoubeas2024Quantum,
  title        = {Quantum Chaos and Coherence via Random Parametric Quantum Channels},
  author       = {Matsoukas‐Roubeas, Apollonas S. and Prosen, Tomaž and del Campo, Adolfo},
  journal      = {Quantum},
  year         = {2024},
  volume       = {8},
  pages        = {1446},
  doi          = {10.22331/q-2024-08-27-1446}
}

@article{Xu2020Thermofield,
  title        = {Thermofield Dynamics: Quantum Chaos versus Decoherence},
  author       = {Xu, Zhenyu and Chenu, Aurélia and Prosen, Tomaž and del Campo, Adolfo},
  journal      = {Physical Review B},
  year         = {2020},
  volume       = {103},
  number       = {064309},
  doi          = {10.1103/PhysRevB.103.064309}
}

@article{PRResearchForceCurrent2023,
  title        = {Force–Current Structure in Markovian Open Quantum Systems},
  author       = {AuthorA, FirstNameA and AuthorB, FirstNameB},  
  journal      = {Physical Review Research},
  year         = {2023},
  volume       = {7},
  number       = {013244},
  doi          = {10.1103/PhysRevResearch.7.013244}
}
